%% This BibTeX bibliography file was created using BibDesk.
%% http://bibdesk.sourceforge.net/


%% Created for Ricardo Henao at 2010-04-29 09:28:40 +0200 


%% Saved with string encoding Unicode (UTF-8) 


%[1] Ma et. al. \emph{A Statistical Perspective on Algorithmic Leveraging} 2013

@article{Ma,
	Author = {Ma et al.},
	Journal = {arXiv:1306.5362v1 [stat.ME]},
	Month = {June},
	Title = {A Statistical Perspective on Algorithmic Leveraging},
	Year = {2013},}
	
%	@article{Ma,
%	Author = {Ma et al.},
%	Journal = {arXiv:1306.5362v1 [stat.ME]},
%	Month = {June},
%%	Number = {},
%%	Pages = {},
%	Title = {A Statistical Perspective on Algorithmic Leveraging},
%	Volume = {},
%	Year = {2013},}